# Get references from DBLP where possible

@article{Maurer,
  author    = {Ueli M. Maurer},
  title     = {Secure multi-party computation made simple},
  journal   = {Discrete Applied Mathematics},
  volume    = {154},
  number    = {2},
  pages     = {370--381},
  year      = {2006},
  url       = {https://doi.org/10.1016/j.dam.2005.03.020},
  doi       = {10.1016/j.dam.2005.03.020},
  timestamp = {Sun, 28 May 2017 13:22:29 +0200},
  biburl    = {http://dblp.org/rec/bib/journals/dam/Maurer06},
  bibsource = {dblp computer science bibliography, http://dblp.org}
}


@misc{SW18,
  author={Nigel P. Smart and Tim Wood},
  title ={Error-Detecting in Monotone Span Programs with Application to Communication Efficient Multi-Party Computation},
  journal={Preprint},
  year={2018}
}


@misc{SSCM,
  author={{secureSCM}},
  title={Deliverable {D9.2}},
  howpublished={\url{https://www1.cs.fau.de/filepool/publications/octavian_securescm/SecureSCM-D.9.2.pdf}}
}

@inproceedings{KPR,
  author    = {Marcel Keller and
               Valerio Pastro and
               Dragos Rotaru},
  title     = {Overdrive: Making {SPDZ} Great Again},
  booktitle = {Advances in Cryptology - {EUROCRYPT} 2018 - 37th Annual International
               Conference on the Theory and Applications of Cryptographic Techniques,
               Tel Aviv, Israel, April 29 - May 3, 2018 Proceedings, Part {III}},
  pages     = {158--189},
  year      = {2018},
  crossref  = {DBLP:conf/eurocrypt/2018-3},
  url       = {https://doi.org/10.1007/978-3-319-78372-7_6},
  doi       = {10.1007/978-3-319-78372-7_6},
  timestamp = {Sat, 05 May 2018 23:05:33 +0200},
  biburl    = {https://dblp.org/rec/bib/conf/eurocrypt/KellerPR18},
  bibsource = {dblp computer science bibliography, https://dblp.org}
}

@proceedings{DBLP:conf/eurocrypt/2018-3,
  editor    = {Jesper Buus Nielsen and
               Vincent Rijmen},
  title     = {Advances in Cryptology - {EUROCRYPT} 2018 - 37th Annual International
               Conference on the Theory and Applications of Cryptographic Techniques,
               Tel Aviv, Israel, April 29 - May 3, 2018 Proceedings, Part {III}},
  series    = {Lecture Notes in Computer Science},
  volume    = {10822},
  publisher = {Springer},
  year      = {2018},
  url       = {https://doi.org/10.1007/978-3-319-78372-7},
  doi       = {10.1007/978-3-319-78372-7},
  isbn      = {978-3-319-78371-0},
  timestamp = {Mon, 16 Apr 2018 14:12:13 +0200},
  biburl    = {https://dblp.org/rec/bib/conf/eurocrypt/2018-3},
  bibsource = {dblp computer science bibliography, https://dblp.org}
}




@article{KRSW,
  author    = {Marcel Keller and
               Dragos Rotaru and
               Nigel P. Smart and
               Tim Wood},
  title     = {Reducing Communication Channels in {MPC}},
  journal   = {{IACR} Cryptology ePrint Archive},
  volume    = {2017},
  pages     = {492},
  year      = {2017},
  url       = {http://eprint.iacr.org/2017/492},
  timestamp = {Wed, 21 Jun 2017 18:21:45 +0200},
  biburl    = {http://dblp.org/rec/bib/journals/iacr/KellerRSW17},
  bibsource = {dblp computer science bibliography, http://dblp.org}
}




@inproceedings{GHS12c,
  author    = {Craig Gentry and
               Shai Halevi and
               Nigel P. Smart},
  title     = {Homomorphic Evaluation of the {AES} Circuit},
  booktitle = {Advances in Cryptology - {CRYPTO} 2012 - 32nd Annual Cryptology Conference,
               Santa Barbara, CA, USA, August 19-23, 2012. Proceedings},
  pages     = {850--867},
  year      = {2012},
  crossref  = {DBLP:conf/crypto/2012},
  url       = {https://doi.org/10.1007/978-3-642-32009-5_49},
  doi       = {10.1007/978-3-642-32009-5_49},
  timestamp = {Fri, 26 May 2017 00:50:20 +0200},
  biburl    = {http://dblp.org/rec/bib/conf/crypto/GentryHS12},
  bibsource = {dblp computer science bibliography, http://dblp.org}
}


@inproceedings{SPDZ,
  author    = {Ivan Damg{\aa}rd and
               Valerio Pastro and
               Nigel P. Smart and
               Sarah Zakarias},
  title     = {Multiparty Computation from Somewhat Homomorphic Encryption},
  booktitle = {Advances in Cryptology - {CRYPTO} 2012 - 32nd Annual Cryptology Conference,
               Santa Barbara, CA, USA, August 19-23, 2012. Proceedings},
  pages     = {643--662},
  year      = {2012},
  crossref  = {DBLP:conf/crypto/2012},
  url       = {https://doi.org/10.1007/978-3-642-32009-5_38},
  doi       = {10.1007/978-3-642-32009-5_38},
  timestamp = {Fri, 26 May 2017 00:50:21 +0200},
  biburl    = {http://dblp.org/rec/bib/conf/crypto/DamgardPSZ12},
  bibsource = {dblp computer science bibliography, http://dblp.org}
}

@proceedings{DBLP:conf/crypto/2012,
  editor    = {Reihaneh Safavi{-}Naini and
               Ran Canetti},
  title     = {Advances in Cryptology - {CRYPTO} 2012 - 32nd Annual Cryptology Conference,
               Santa Barbara, CA, USA, August 19-23, 2012. Proceedings},
  series    = {Lecture Notes in Computer Science},
  volume    = {7417},
  publisher = {Springer},
  year      = {2012},
  url       = {https://doi.org/10.1007/978-3-642-32009-5},
  doi       = {10.1007/978-3-642-32009-5},
  isbn      = {978-3-642-32008-8},
  timestamp = {Fri, 26 May 2017 00:50:20 +0200},
  biburl    = {http://dblp.org/rec/bib/conf/crypto/2012},
  bibsource = {dblp computer science bibliography, http://dblp.org}
}



@inproceedings{SPDZ2,
  author    = {Ivan Damg{\aa}rd and
               Marcel Keller and
               Enrique Larraia and
               Valerio Pastro and
               Peter Scholl and
               Nigel P. Smart},
  title     = {Practical Covertly Secure {MPC} for Dishonest Majority - Or: Breaking
               the {SPDZ} Limits},
  booktitle = {Computer Security - {ESORICS} 2013 - 18th European Symposium on Research
               in Computer Security, Egham, UK, September 9-13, 2013. Proceedings},
  pages     = {1--18},
  year      = {2013},
  crossref  = {DBLP:conf/esorics/2013},
  url       = {https://doi.org/10.1007/978-3-642-40203-6_1},
  doi       = {10.1007/978-3-642-40203-6_1},
  timestamp = {Tue, 23 May 2017 01:07:16 +0200},
  biburl    = {http://dblp.org/rec/bib/conf/esorics/DamgardKLPSS13},
  bibsource = {dblp computer science bibliography, http://dblp.org}
}

@proceedings{DBLP:conf/esorics/2013,
  editor    = {Jason Crampton and
               Sushil Jajodia and
               Keith Mayes},
  title     = {Computer Security - {ESORICS} 2013 - 18th European Symposium on Research
               in Computer Security, Egham, UK, September 9-13, 2013. Proceedings},
  series    = {Lecture Notes in Computer Science},
  volume    = {8134},
  publisher = {Springer},
  year      = {2013},
  url       = {https://doi.org/10.1007/978-3-642-40203-6},
  doi       = {10.1007/978-3-642-40203-6},
  isbn      = {978-3-642-40202-9},
  timestamp = {Tue, 23 May 2017 01:07:16 +0200},
  biburl    = {http://dblp.org/rec/bib/conf/esorics/2013},
  bibsource = {dblp computer science bibliography, http://dblp.org}
}

@book{Hart:1978:CA:540084,
 author = {Hart, John F.},
 title = {Computer Approximations},
 year = {1978},
 isbn = {0882756427},
 publisher = {Krieger Publishing Co., Inc.},
 address = {Melbourne, FL, USA},
}




@inproceedings{CS10,
  author    = {Octavian Catrina and
               Amitabh Saxena},
  title     = {Secure Computation with Fixed-Point Numbers},
  booktitle = {Financial Cryptography and Data Security, 14th International Conference,
               {FC} 2010, Tenerife, Canary Islands, January 25-28, 2010, Revised
               Selected Papers},
  pages     = {35--50},
  year      = {2010},
  crossref  = {DBLP:conf/fc/2010},
  url       = {https://doi.org/10.1007/978-3-642-14577-3_6},
  doi       = {10.1007/978-3-642-14577-3_6},
  timestamp = {Fri, 26 May 2017 00:50:27 +0200},
  biburl    = {https://dblp.org/rec/bib/conf/fc/CatrinaS10},
  bibsource = {dblp computer science bibliography, https://dblp.org}
}

@proceedings{DBLP:conf/fc/2010,
  editor    = {Radu Sion},
  title     = {Financial Cryptography and Data Security, 14th International Conference,
               {FC} 2010, Tenerife, Canary Islands, January 25-28, 2010, Revised
               Selected Papers},
  series    = {Lecture Notes in Computer Science},
  volume    = {6052},
  publisher = {Springer},
  year      = {2010},
  url       = {https://doi.org/10.1007/978-3-642-14577-3},
  doi       = {10.1007/978-3-642-14577-3},
  isbn      = {978-3-642-14576-6},
  timestamp = {Fri, 26 May 2017 00:50:27 +0200},
  biburl    = {https://dblp.org/rec/bib/conf/fc/2010},
  bibsource = {dblp computer science bibliography, https://dblp.org}
}




@inproceedings{CDM00,
  author    = {Ronald Cramer and
               Ivan Damg{\aa}rd and
               Ueli M. Maurer},
  title     = {General Secure Multi-party Computation from any Linear Secret-Sharing
               Scheme},
  booktitle = {Advances in Cryptology - {EUROCRYPT} 2000, International Conference
               on the Theory and Application of Cryptographic Techniques, Bruges,
               Belgium, May 14-18, 2000, Proceeding},
  pages     = {316--334},
  year      = {2000},
  crossref  = {DBLP:conf/eurocrypt/2000},
  url       = {https://doi.org/10.1007/3-540-45539-6_22},
  doi       = {10.1007/3-540-45539-6_22},
  timestamp = {Wed, 24 May 2017 15:40:45 +0200},
  biburl    = {https://dblp.org/rec/bib/conf/eurocrypt/CramerDM00},
  bibsource = {dblp computer science bibliography, https://dblp.org}
}

@proceedings{DBLP:conf/eurocrypt/2000,
  editor    = {Bart Preneel},
  title     = {Advances in Cryptology - {EUROCRYPT} 2000, International Conference
               on the Theory and Application of Cryptographic Techniques, Bruges,
               Belgium, May 14-18, 2000, Proceeding},
  series    = {Lecture Notes in Computer Science},
  volume    = {1807},
  publisher = {Springer},
  year      = {2000},
  url       = {https://doi.org/10.1007/3-540-45539-6},
  doi       = {10.1007/3-540-45539-6},
  isbn      = {3-540-67517-5},
  timestamp = {Wed, 24 May 2017 15:40:45 +0200},
  biburl    = {https://dblp.org/rec/bib/conf/eurocrypt/2000},
  bibsource = {dblp computer science bibliography, https://dblp.org}
}





@inproceedings{DFKNT06,
  author    = {Ivan Damg{\aa}rd and
               Matthias Fitzi and
               Eike Kiltz and
               Jesper Buus Nielsen and
               Tomas Toft},
  title     = {Unconditionally Secure Constant-Rounds Multi-party Computation for
               Equality, Comparison, Bits and Exponentiation},
  booktitle = {Theory of Cryptography, Third Theory of Cryptography Conference, {TCC}
               2006, New York, NY, USA, March 4-7, 2006, Proceedings},
  pages     = {285--304},
  year      = {2006},
  crossref  = {DBLP:conf/tcc/2006},
  url       = {https://doi.org/10.1007/11681878_15},
  doi       = {10.1007/11681878_15},
  timestamp = {Mon, 06 Nov 2017 12:14:17 +0100},
  biburl    = {https://dblp.org/rec/bib/conf/tcc/DamgardFKNT06},
  bibsource = {dblp computer science bibliography, https://dblp.org}
}

@proceedings{DBLP:conf/tcc/2006,
  editor    = {Shai Halevi and
               Tal Rabin},
  title     = {Theory of Cryptography, Third Theory of Cryptography Conference, {TCC}
               2006, New York, NY, USA, March 4-7, 2006, Proceedings},
  series    = {Lecture Notes in Computer Science},
  volume    = {3876},
  publisher = {Springer},
  year      = {2006},
  url       = {https://doi.org/10.1007/11681878},
  doi       = {10.1007/11681878},
  isbn      = {3-540-32731-2},
  timestamp = {Tue, 30 May 2017 16:36:52 +0200},
  biburl    = {https://dblp.org/rec/bib/conf/tcc/2006},
  bibsource = {dblp computer science bibliography, https://dblp.org}
}



@inproceedings{CH10,
  author    = {Octavian Catrina and
               Sebastiaan de Hoogh},
  title     = {Improved Primitives for Secure Multiparty Integer Computation},
  booktitle = {Security and Cryptography for Networks, 7th International Conference,
               {SCN} 2010, Amalfi, Italy, September 13-15, 2010. Proceedings},
  pages     = {182--199},
  year      = {2010},
  crossref  = {DBLP:conf/scn/2010},
  url       = {https://doi.org/10.1007/978-3-642-15317-4_13},
  doi       = {10.1007/978-3-642-15317-4_13},
  timestamp = {Fri, 26 May 2017 00:49:49 +0200},
  biburl    = {https://dblp.org/rec/bib/conf/scn/CatrinaH10},
  bibsource = {dblp computer science bibliography, https://dblp.org}
}

@proceedings{DBLP:conf/scn/2010,
  editor    = {Juan A. Garay and
               Roberto De Prisco},
  title     = {Security and Cryptography for Networks, 7th International Conference,
               {SCN} 2010, Amalfi, Italy, September 13-15, 2010. Proceedings},
  series    = {Lecture Notes in Computer Science},
  volume    = {6280},
  publisher = {Springer},
  year      = {2010},
  url       = {https://doi.org/10.1007/978-3-642-15317-4},
  doi       = {10.1007/978-3-642-15317-4},
  isbn      = {978-3-642-15316-7},
  timestamp = {Fri, 26 May 2017 00:49:49 +0200},
  biburl    = {https://dblp.org/rec/bib/conf/scn/2010},
  bibsource = {dblp computer science bibliography, https://dblp.org}
}








@inproceedings{ABZS13,
  author    = {Mehrdad Aliasgari and
               Marina Blanton and
               Yihua Zhang and
               Aaron Steele},
  title     = {Secure Computation on Floating Point Numbers},
  booktitle = {20th Annual Network and Distributed System Security Symposium, {NDSS}
               2013, San Diego, California, USA, February 24-27, 2013},
  year      = {2013},
  crossref  = {DBLP:conf/ndss/2013},
  url       = {https://www.ndss-symposium.org/ndss2013/secure-computation-floating-point-numbers},
  timestamp = {Tue, 16 Jan 2018 13:23:48 +0100},
  biburl    = {https://dblp.org/rec/bib/conf/ndss/AliasgariBZS13},
  bibsource = {dblp computer science bibliography, https://dblp.org}
}

@proceedings{DBLP:conf/ndss/2013,
  title     = {20th Annual Network and Distributed System Security Symposium, {NDSS}
               2013, San Diego, California, USA, February 24-27, 2013},
  publisher = {The Internet Society},
  year      = {2013},
  url       = {https://www.ndss-symposium.org/ndss2013/},
  timestamp = {Tue, 16 Jan 2018 13:23:48 +0100},
  biburl    = {https://dblp.org/rec/bib/conf/ndss/2013},
  bibsource = {dblp computer science bibliography, https://dblp.org}
}





@inproceedings{Liedel12,
  author    = {Manuel Liedel},
  title     = {Secure Distributed Computation of the Square Root and Applications},
  booktitle = {Information Security Practice and Experience - 8th International Conference,
               {ISPEC} 2012, Hangzhou, China, April 9-12, 2012. Proceedings},
  pages     = {277--288},
  year      = {2012},
  crossref  = {DBLP:conf/ispec/2012},
  url       = {https://doi.org/10.1007/978-3-642-29101-2_19},
  doi       = {10.1007/978-3-642-29101-2_19},
  timestamp = {Sun, 21 May 2017 00:18:03 +0200},
  biburl    = {https://dblp.org/rec/bib/conf/ispec/Liedel12},
  bibsource = {dblp computer science bibliography, https://dblp.org}
}

@proceedings{DBLP:conf/ispec/2012,
  editor    = {Mark Dermot Ryan and
               Ben Smyth and
               Guilin Wang},
  title     = {Information Security Practice and Experience - 8th International Conference,
               {ISPEC} 2012, Hangzhou, China, April 9-12, 2012. Proceedings},
  series    = {Lecture Notes in Computer Science},
  volume    = {7232},
  publisher = {Springer},
  year      = {2012},
  url       = {https://doi.org/10.1007/978-3-642-29101-2},
  doi       = {10.1007/978-3-642-29101-2},
  isbn      = {978-3-642-29100-5},
  timestamp = {Sun, 21 May 2017 00:18:03 +0200},
  biburl    = {https://dblp.org/rec/bib/conf/ispec/2012},
  bibsource = {dblp computer science bibliography, https://dblp.org}
}


