@book{Catalano2005,
  doi = {10.1007/3-7643-7394-6},
  url = {https://doi.org/10.1007/3-7643-7394-6},
  year  = {2005},
  publisher = {Birkh\"{a}user Basel},
  author = {Dario Catalano and Ronald Cramer and Giovanni Di Crescenzo and Ivan Darmg{\aa}rd and David Pointcheval and Tsuyoshi Takagi},
  title = {Contemporary Cryptology}
}

@article {,
    author  = "Atmaja Sahasrabuddhe, Sonali Naikade, Akshaya Ramaswamy, Burhan Sadliwala , Prof.Dr.Pravin Futane",
    title   = "Survey on Intrusion Detection System using Data Mining Techniques",
    journal = "International Research Journal of Engineering and Technology (IRJET)",
    year    = "2017",
    month   = "may"
}

@article {,
    author  = "Sophia Yakoubov",
    title   = "A Gentle Introduction to Yaoâ€™s Garbled Circuits",
    publisher = "Boston University",
    year    = "2017",
}
